@book{ginga2012,
	title     = "銀河I --銀河と宇宙の階層構造",
	author    = "Taniguchi, Yoshiaki and Okamura, sadanori and Sohue, Yoshiaki",
	year      = 2012,
	publisher = "日本評論社"
}

@misc{the_astronomical_society_of_japan__2017,
	title = {銀河 {\textbar} 天文学辞典},
	url = {https://astro-dic.jp/galaxy/},
	abstract = {多数の星、ガス、ダスト（塵）、およびダークマターなどで構成された天体。自己重力系である。1000億個以上の星を含む明るいものから、球状星団よりも暗いものまで、明るさと質量には何桁もの幅がある。銀河と球状星団の違いは、ダークマターを含むかどう},
	language = {ja},
	urldate = {2024-02-13},
	author = {{The Astronomical Society of Japan}},
	month = aug,
	year = {2017},
}